@misc{jwt-io,
  author       = {JWT.io},
  title        = {JSON Web Tokens (JWT)},
  year         = {n.d.},
  howpublished = {\url{https://jwt.io/}},
  note         = {Accessed on March 3, 2023}
}

@misc{spring-io,
  author       = {Pivotal Software, Inc.},
  title        = {Spring Framework},
  year         = {n.d.},
  howpublished = {\url{https://spring.io/}},
  note         = {Accessed on March 3, 2023}
}

@misc{hl7-fhir,
  author       = {Health Level Seven International},
  title        = {Fast Healthcare Interoperability Resources (FHIR)},
  year         = {n.d.},
  howpublished = {\url{https://hl7.org/fhir/}},
  note         = {Accessed on March 3, 2023}
}

@misc{hapi-fhir,
  author       = {James Agnew and Health Intersections Pty Ltd},
  title        = {HAPI FHIR - Java API for HL7 FHIR Clients and Servers},
  year         = {n.d.},
  howpublished = {\url{https://hapifhir.io/}},
  note         = {Accessed on March 3, 2023}
}

@misc{zxing,
  author       = {ZXing Contributors},
  title        = {{ZXing} - {Z}ebra {C}rossing},
  howpublished = {\url{https://github.com/zxing/zxing}},
  year         = {2007--\relax},
  note         = {Accessed: March 3, 2023}
}

